<?xml version="1.0" encoding="UTF-8"?><collection xmlns="http://www.loc.gov/MARC21/slim"><record><leader>00401nam--2200157-i-4500</leader><controlfield tag="001">000046343</controlfield><controlfield tag="002">20161230</controlfield><controlfield tag="005">20161230201045</controlfield><controlfield tag="008">060222s1000------------r-----000-0-eng-d</controlfield><datafield ind1=" " ind2=" " tag="080"><subfield code="a">539.131</subfield></datafield><datafield ind1="1" ind2=" " tag="100"><subfield code="a">Venturi,G</subfield></datafield><datafield ind1="1" ind2="0" tag="245"><subfield code="a">A dual relativistic quark model</subfield><subfield code="c">G. venturi</subfield></datafield><datafield ind1=" " ind2=" " tag="260"><subfield code="a">Bologna</subfield><subfield code="b">Instituto Di Fisica</subfield><subfield code="c">/F.An</subfield></datafield><datafield ind1=" " ind2=" " tag="300"><subfield code="a">26 P</subfield></datafield><datafield ind1=" " ind2=" " tag="852"><subfield code="a">37283</subfield><subfield code="c">539.131</subfield></datafield><datafield ind1=" " ind2=" " tag="CAT"><subfield code="a">Sys</subfield><subfield code="c">20120301</subfield><subfield code="h">125238</subfield></datafield></record></collection>